@inproceedings{dynwebtest,
  title={Dynamic test input generation for web applications},
  author={Wassermann, Gary and Yu, Dachuan and Chander, Ajay and Dhurjati, Dinakar and Inamura, Hiroshi and Su, Zhendong},
  booktitle={Proceedings of the 2008 international symposium on Software testing and analysis},
  pages={249--260},
  year={2008},
  organization={ACM}
}

@INPROCEEDINGS{gramfuzz, 
	author={Tao Guo and Puhan Zhang and Xin Wang and Qiang Wei}, 
	booktitle={Informatics and Applications (ICIA),2013 Second International Conference on}, 
	title={GramFuzz: Fuzzing testing of web browsers based on grammar analysis and structural mutation}, 
	year={2013}, 
	pages={212-215}, 
	keywords={fuzzy set theory;grammars;hypermedia markup languages;online front-ends;program testing;CSS files;GramFuzz:;HTML;IE Web 		browsers;JavaScript;Mozilla Web browsers;automated black-box testing technique;code structure mutation;fuzzing testing;grammar analysis;mutation strategies;software system;structural mutation;vulnerability patterns;Browsers;Cascading style sheets;Grammar;HTML;Libraries;Security;Testing;fuzzing testing;grammar analysis;structural mutationt;web brwoser}, 
	doi={10.1109/ICoIA.2013.6650258}, 
	month={Sept},}

@article{autofuzz,
	author = {Gorbunov, S. and Rosenbloom, A.},
	citeulike-article-id = {11897288},
	citeulike-linkout-0 = {http://paper.ijcsns.org/07\_book/201008/20100836.pdf},
	journal = {IJCSNS},
	keywords = {fuzzing, testing},
	number = {8},
	pages = {239},
	posted-at = {2013-01-16 14:26:27},
	priority = {2},
	publisher = {Citeseer},
	title = {{Autofuzz: Automated network protocol fuzzing framework}},
	url = {http://paper.ijcsns.org/07\_book/201008/20100836.pdf},
	volume = {10},
	year = {2010}
}
@inproceedings{potassium,
	author = {Li, Richard and Abendroth, Dallin and Lin, Xing and Guo, Yuankai and Baek, Hyun-Wook and Eide, Eric and Ricci, Robert and Van der Merwe, Jacobus},
	title = {Potassium: Penetration Testing As a Service},
	booktitle = {Proceedings of the Sixth ACM Symposium on Cloud Computing},
	series = {SoCC '15},
	year = {2015},
	isbn = {978-1-4503-3651-2},
	location = {Kohala Coast, Hawaii},
	pages = {30--42},
	numpages = {13},
	url = {http://doi.acm.org/10.1145/2806777.2806935},
	doi = {10.1145/2806777.2806935},
	acmid = {2806935},
	publisher = {ACM},
	address = {New York, NY, USA},
	keywords = {OpenStack, PTaaS, cloud computing, pentesting},
} 

@MISC{metasploit,
	author = {},
	title = {Rapid7, Inc. The Metasploit Framework, version 2015031001},
	year = {Mar. 2015},
	howpublished = {\url{https://github.com/rapid7/metasploit-framework/releases/tag/	2015031001}}
}


@misc{hammerslandfuzz,
  title={Fuzz testing of web applications},
  author={Hammersland, Rune and Snekkenes, Einar},
  publisher={Faculty of Computer Science and Media Technology-Gj{\o}vik University College, Norway}
}

@INPROCEEDINGS{fuzz.generation,
	author={Rui Ma and Wendong Ji and Changzhen Hu and Chun Shan and Wu Peng},
	booktitle={Communications Security Conference (CSC 2014), 2014},
	title={Fuzz testing data generation for network protocol using classification tree},
	year={2014},
	pages={1-5},
	keywords={Classification Tree;Heuristic Operator;Network Protocol Fuzzing;Test Data Generation},
	doi={10.1049/cp.2014.0748},
	month={May},}

@INPROCEEDINGS{fuzz.flaw_detect,
	author={Zhao Zhang and Qiao-Yan Wen and Wen Tang},
	booktitle={Computer Science Service System (CSSS), 2012 International Conference on},
	title={An Efficient Mutation-Based Fuzz Testing Approach for Detecting Flaws of Network Protocol},
	year={2012},
	pages={814-817},
	keywords={flaw detection;fuzzy systems;protocols;security of data;FTP server;efficient mutation-based fuzz testing approach;error-prone task;malicious attacker;network protocol security testing;security flaw detection;test packet construction;Authentication;Buffer overflows;Protocols;Servers;Testing;fuzz test;mutation based test;security flaws detection;test design},
	doi={10.1109/CSSS.2012.208},
	month={Aug},}

@Misc{wiki.fuzz,
  OPTkey = 	 {},
  author =	 {},
  title =	 "{Fuzz Testing}",
  howpublished = {\url{https://en.wikipedia.org/wiki/Fuzz_testing}},
  OPTmonth = 	 {},
  OPTyear = 	 {},
  OPTnote = 	 {},
  OPTannote = 	 {}
}

@MISC{openStack,
	author = {OpenStack},
	title = {Homepage},
	year = {},
	howpublished = {\url{http://openstack.org/}}
}
@INPROCEEDINGS{snooze,
	author = {Greg Banks and Marco Cova and Viktoria Felmetsger and Kevin Almeroth and Richard Kemmerer and Giovanni Vigna},
	title = {Snooze: Toward a stateful network protocol fuzzer},
	booktitle = {of Lecture Notes in Computer Science},
	year = {2006},
	pages = {343--358},
	publisher = {Springer}
}
@inproceedings{secfuzz,
	author = {Tsankov, Petar and Dashti, Mohammad Torabi and Basin, David},
	title = {SecFuzz: Fuzz-testing Security Protocols},
	booktitle = {Proceedings of the 7th International Workshop on Automation of Software Test},
	series = {AST '12},
	year = {2012},
	isbn = {978-1-4673-1822-8},
	location = {Zurich, Switzerland},
	pages = {1--7},
	numpages = {7},
	url = {http://dl.acm.org/citation.cfm?id=2663608.2663610},
	acmid = {2663610},
	publisher = {IEEE Press},
	address = {Piscataway, NJ, USA},
}

@inproceedings{aspfuzz,
	author = {T. Kitagawa, M. Hanaoka, and K. Kono},
	title = {Aspfuzz: A state-aware protocol fuzzer based on application-layer protocols},
	booktitle = {Computers and Communications (ISCC)},
	series = {June 2010 IEEE Symposium},
	year = {},
	isbn = {},
	location = {},
	pages = {202--208},
	numpages = {},
	url = {http://dx.doi.org/10.1109/ISCC.2010.5546704},
	acmid = {},
	publisher = {},
	address = {},
}
